@book{halliday1995LTC,
  title={FÃ­sica 3},
  author={Halliday, David; Resnick, Robert; Krane, Kenneth S.},
  isbn={9788521613916},
  year={2004},
  publisher={LTC}
}
